@misc{ihep2023,
  author       = {Institute of High Energy Physics, Chinese Academy of Sciences},
  title        = {Large High Altitude Air Shower Observatory （LHAASO）Passes National Acceptance},
  year         = {2023},
  month        = {May 11},
  howpublished = {\url{http://english.ihep.cas.cn/nw/han/y23/202305/t20230512_330523.html}},
}

@misc{lhaaso,
  author       = {LHAASO},
  title        = {LHAASO Official Website},
  howpublished = {\url{http://english.ihep.cas.cn/lhaaso/}},
}

@misc{cao2022largehighaltitudeair,
      title={The Large High Altitude Air Shower Observatory (LHAASO) Science Book (2021 Edition)}, 
      author={Zhen Cao and D. della Volpe and Siming Liu and Editors: Xiaojun Bi and Yang Chen and B. D'Ettorre Piazzoli and Li Feng and Huanyu Jia and Zhuo Li and Xinhua Ma and Xiangyu Wang and Xiao Zhang and External Referees: Xiushu Qie and Hongbo Hu and Internal Referees: Alejandro Sáiz and Ruizhi Yang},
      year={2022},
      eprint={1905.02773},
      archivePrefix={arXiv},
      primaryClass={astro-ph.HE},
      url={https://arxiv.org/abs/1905.02773}, 
}